<record><leader>00000cas a2200000 a 4500</leader><controlfield tag="001">13433576</controlfield><controlfield tag="008">860415d19001926moudn ne      0    0eng d</controlfield><datafield ind1=" " ind2=" " tag="010"><subfield code="a">sn 86063317 </subfield></datafield><datafield ind1=" " ind2=" " tag="040"><subfield code="a">KSH</subfield><subfield code="b">eng</subfield><subfield code="c">KSH</subfield><subfield code="d">NPT</subfield><subfield code="d">MQN</subfield><subfield code="d">OCL</subfield><subfield code="d">OCLCQ</subfield></datafield><datafield ind1=" " ind2=" " tag="042"><subfield code="a">msc</subfield></datafield><datafield ind1="0" ind2="4" tag="245"><subfield code="a">The Fulton daily sun.</subfield></datafield><datafield ind1=" " ind2=" " tag="260"><subfield code="a">Fulton, Mo. :</subfield><subfield code="b">Sun Print. Co.,</subfield><subfield code="c">1900-1926.</subfield></datafield><datafield ind1=" " ind2=" " tag="300"><subfield code="a">v. :</subfield><subfield code="b">ill. ;</subfield><subfield code="c">51-57 cm.</subfield></datafield><datafield ind1=" " ind2=" " tag="310"><subfield code="a">Daily (except Sun.)</subfield></datafield><datafield ind1="0" ind2=" " tag="362"><subfield code="a">Vol. 14, no. 33 (July 10, 1900)-v. 36, no. 232 (Dec. 31, 1926).</subfield></datafield><datafield ind1=" " ind2=" " tag="580"><subfield code="a">Other eds.: Semi-weekly: Fulton sun (Fulton, Mo. : Semi-weekly : 1895), July 10, 1900-Jan. 1, 1909; Weekly: Missouri telegraph (Fulton, Mo. : 1899), Jan. 8, 1909-Dec. 31, 1926; Twentieth century (Fulton, Mo.), &lt;1901?-1903?&gt;.</subfield></datafield><datafield ind1=" " ind2=" " tag="752"><subfield code="a">United States</subfield><subfield code="b">Missouri</subfield><subfield code="c">Callaway</subfield><subfield code="d">Fulton.</subfield></datafield><datafield ind1="1" ind2=" " tag="775"><subfield code="t">Fulton sun (Fulton, Mo. : Semiweekly : 1895)</subfield><subfield code="w">(DLC)sn 88068023</subfield></datafield><datafield ind1="1" ind2=" " tag="775"><subfield code="t">Missouri telegraph (Fulton, Mo. : 1899)</subfield><subfield code="w">(DLC)sn 88068019</subfield></datafield><datafield ind1="1" ind2=" " tag="775"><subfield code="t">Twentieth century (Fulton, Mo.)</subfield><subfield code="w">(DLC)sn 90061808</subfield></datafield><datafield ind1="0" ind2="0" tag="780"><subfield code="t">Fulton sun (Fulton, Mo. : Daily)</subfield><subfield code="w">(DLC)sn 88068018</subfield></datafield><datafield ind1="0" ind2="7" tag="785"><subfield code="t">Evening gazette (Fulton, Mo.)</subfield><subfield code="w">(DLC)sn 86063316</subfield></datafield><datafield ind1="0" ind2="7" tag="785"><subfield code="t">Fulton daily sun-gazette</subfield><subfield code="w">(DLC)sn 88068025</subfield></datafield><datafield ind1="1" ind2=" " tag="029"><subfield code="a">AU@</subfield><subfield code="b">000022167894</subfield></datafield></record>